@BOOK{atharvaveda,
AUTHOR="W. Vasantha Kandasamy and Florentine Smarandache",
TITLE="Vedic Mathematics, A fuzzy and Neutrosophic Analysis",
howpublished={\href{$http://fs.gallup.unm.edu/vedicmath.pdf$}{click here}}
}
